@misc{Mozart,
  author = "{The Mozart Consortium}",
  title = "{M}ozart {O}z 1.2.0",
  howpublished = "Web Site",
  month = feb,
  year = 2001,
  url = "http://www.mozart-oz.org/"}
@phdthesis{ConstraintServices,
  author = "Christian Schulte",
  title = "Programming {C}onstraint {S}ervices",
  type = "Doctoral dissertation",
  school = "Universit{\"a}t des Saarlandes",
  address = "Saarbr{\"u}cken, Germany",
  year = 2000}
@phdthesis{ConstraintPropagation,
  author = "Tobias M{\"u}ller",
  title = "{C}onstraint {P}ropagation in {M}ozart",
  type = "Doctoral dissertation",
  school = "Universit{\"a}t des Saarlandes",
  address = "Saarbr{\"u}cken, Germany",
  note = "In preparation",
  year = 2001}
@article{Distribution,
  author = "Seif Haridi",
  title = "Efficient Logic Variables for Distribution",
  journal = "ACM Transactions on Programming Languages and Systems",
  volume = 21,
  number = 3,
  pages = "569--626",
  month = may,
  year = 1999}
@manual{OzNotation,
  author = "Martin Henz and Leif Kornstaedt",
  title = "The {O}z {N}otation",
  organization = "The Mozart Consortium",
  month = feb,
  year = 2000,
  url = "http://www.mozart-oz.org/documentation/notation/"}
@book{WAM,
  author = "Hassan A{\"\i}t-Kaci",
  title = "{W}arren's {A}bstract {M}achine, A Tutorial Reconstruction",
  publisher = "The MIT Press",
  year = 1991}
@inproceedings{Amoz,
  author = "Michael Mehl and Ralf Scheidhauer and Christian Schulte",
  title = "An {A}bstract {M}achine for {O}z",
  booktitle = "Proceedings of PLILP'95, LNCS, Springer-Verlag",
  address = "Utrecht, The Netherlands",
  year = 1995}
@phdthesis{Mehl,
  author = "Michael Mehl",
  title = "The {O}z {V}irtual {M}achine---Records, Transients, and
    Deep Guards",
  school = "Technische Fakult{\"a}t der Universit{\"a}t des Saarlandes",
  year = 1999}
@techreport{OzModules,
  author = "Denys Duchier and Leif Kornstaedt and Christian Schulte
    and Gert Smolka",
  title = "A Higher-order Module Discipline with Separate Compilation,
    Dynamic Linking, and Pickling",
  note = "draft",
  institution =
    "Programming Systems Lab, DFKI and Universit{\"a}t des Saarlandes",
  year = 1998,
  url = "http://www.ps.uni-sb.de/Papers/abstracts/modules-98.html"}
@misc{Alice,
  key = "Alice",
  title = "The {A}lice {P}roject",
  howpublished = "Web Site at the Programming Systems Lab,
    Universit{\"a}t des Saarlandes",
  month = mar,
  year = 2001,
  url = "http://www.ps.uni-sb.de/alice/"}
@book{SMLDefinition,
  author = "Robin Milner and Mads Tofte and Robert Harper and David MacQueen",
  title = "The Definition of {S}tandard {ML} (Revised)",
  publisher = "The MIT Press",
  year = 1997}
@article{SMLofNJ,
  author = "Andrew Appel and David MacQueen",
  title = "{S}tandard {ML} of {N}ew {J}ersey",
  journal = "3rd International Symposium on Programming Language
    Implementation and Logic Programming",
  editor = "M. Wirsing",
  publisher = "Springer-Verlag",
  address = "New York",
  pages = "1--13",
  year = 1991}
@article{CM,
  author = "Matthias Blume and Andrew Appel",
  title = "Hierarchical Modularity",
  pages = "813--847",
  journal = "ACM Transactions on Programming Languages and Systems",
  volume = 21,
  number = 4,
  month = jul,
  year = 1999}
@manual{SMLBasis,
  author = "John Reppy",
  title = "The {S}tandard {ML} {B}asis {L}ibrary",
  organization = "Bell Labs, Lucent Technologies",
  year = 1997,
  url = "http://cm.bell-labs.com/cm/cs/what/smlnj/doc/basis/"}
@misc{OCaml,
  author = "{Projet Cristal}",
  title = "The {C}aml Language",
  howpublished = "Web Site at INRIA, Paris, France",
  url = "http://caml.inria.fr/"}
@inproceedings{MLj,
  author = "Nick Benton and Andrew Kennedy",
  title = "Interlanguage Working Without Tears: Blending {SML} with {J}ava",
  booktitle = "Proceedings of the fourth ACM SIGPLAN International Conference
    on Functional Programming (ICFP'99)",
  address = "Paris, France",
  pages = "126--137",
  month = sep,
  year = 1999}
@misc{CSharp,
  author = "{Microsoft} and {Hewlett-Packard} and {Intel Corporation}",
  title = "{C\#} Language Specification ({ECMA TC39/TG2})",
  howpublished = "Proposed draft standard",
  month = oct,
  year = 2000,
  url = "http://msdn.microsoft.com/net/ecma/"}
@misc{DotNet,
  author = "{Microsoft} and {Hewlett-Packard} and {Intel Corporation}",
  title = "{C}ommon {L}anguage {I}nfrastructure ({ECMA TC39/TG3})",
  howpublished = "Proposed draft standard",
  month = oct,
  year = 2000,
  url = "http://msdn.microsoft.com/net/ecma/"}
@PhdThesis{ObjectsInOz,
  author = "Martin Henz",
  title = "Objects in {O}z",
  school = "Universit{\"a}t des Saarlandes, Fachbereich Informatik",
  address = "Saarbr{\"u}cken, Germany",
  month = jun,
  year = 1997}
