@misc{ stefanovic93generational,
    author = "D. Stefanovic",
    title = "Generational copying garbage collection for Standard ML: a quantitative
      study",
    text = "Darko Stefanovic. Generational copying garbage collection for Standard
      ML: a quantitative study. Master's thesis, Department of Computer Science,
      University of Massachusetts, 1993.",
    year = "1993"
}
@Article{Hudson:1992:ICM,
  author =       "R. L. Hudson and J. E. B. Moss",
  title =        "Incremental Collection of Mature Objects",
  journal =      "Lecture Notes in Computer Science",
  volume =       "637",
  pages =        "388--??",
  year =         "1992",
  coden =        "LNCSD9",
  ISSN =         "0302-9743",
  bibdate =      "Mon May 13 11:46:24 MDT 1996",
  acknowledgement = ack-nhfb,
}
@TechReport{huds91,
  title =        "A Language-Independent Garbage Collector Toolkit",
  author =       "Richard L. Hudson and J. Eliot B. Moss and Amer Diwan
                 and Christopher F. Weight",
  institution =  "University of Massachusetts at Amherst, Department of
                 Computer and Information Science",
  year =         "1991",
  number =       "COINS 91-47",
  month =        sep,
  url =          "ftp://ftp.cs.umass.edu/pub/osl/papers/tr9147.ps.Z",
}

@Article{Baker:acm:sigplan:1993,
  author =       "Henry G. Baker",
  title =        "``Infant Mortality'' and Generational Garbage
                 Collection",
  journal =      "SIGPLAN Notices",
  volume =       "28",
  number =       "4",
  pages =        "55--57",
  month =        apr,
  year =         "1993",
  checked =      "19940512",
  refs =         "11",
  keywords =     "generational garbage collection",
}
@InProceedings{gc:svy:1085,
  author =       "Paul R. Wilson",
  title =        "Uniprocessor Garbage Collection Techniques",
  number =       "637",
  series =       "Lecture Notes in Computer Science",
  booktitle =    "Proc.\ Int.\ Workshop on Memory Management",
  year =         "1992",
  publisher =    "Springer-Verlag",
  address =      "Saint-Malo (France)",
  month =        sep,
  note =         "ftp:{\slash}{\slash}ftp.cs.utexas.edu{\slash}pub{\slash}garbage{\slash}bigsurv.ps",
}
@Article{Talpin92,
  author =       "J.-P. Talpin and P. Jouvelot",
  title =        "Polymorphic Type, Region and Effect Inference",
  journal =      "Journal of Functional Programming",
  volume =       "2",
  number =       "3",
  pages =        "245--271",
  year =         "1992",
}
@MastersThesis{hall99,
  author =       "N. Hallenberg",
  title =        "Combining Garbage Collection and Region Inference in
                 the {ML} {K}it",
  school =       "Department of Computer Science (DIKU), University of
                 Copenhagen",
  month =        jun,
  year =         "1999",
  url =          "http://www.it-c.dk/people/nh/mypapers/root260699-a4.ps.gz",
}
@misc{ lieberman83real-time,
    author = "H. Lieberman and C. Hewitt",
    title = "A real-time garbage collector based on the lifetime of objects",
    text = "H. Lieberman and C. Hewitt. A real-time garbage collector based on the
      lifetime of objects. Communications of the ACM, 26(6):419-429, June 1983.",
    year = "1983"
}
@PhdThesis{stef99,
  author =       "Darko Stefanovi\'{c}",
  title =        "Properties of Age-Based Automatic Memory Reclamation
                 Algorithms",
  school =       "University of Massachusetts",
  year =         "1999",
}
@InProceedings{OOPSLA-99*370,
  author =       "Darko Stefanovic and Kathryn S. McKinley and J. Eliot
                 B. Moss",
  title =        "Age-Based Garbage Collection",
  pages =        "370--381",
  editor =       "Loren Meissner",
  booktitle =    "Proceeings of the 1999 {ACM} {SIGPLAN} Conference on
                 Object-Oriented Programming, Systems, Languages {\&}
                 Applications ({OOPSLA}`99)",
  month =        nov # "~1--5",
  series =       "ACM Sigplan Notices",
  volume =       "34.10",
  publisher =    "ACM Press",
  address =      "N. Y.",
  year =         "1999",
}
@Article{Clinger:1997:GGC,
  author =       "William D. Clinger and Lars T. Hansen",
  title =        "Generational Garbage Collection and the Radioactive
                 Decay Model",
  journal =      "ACM SIG{\-}PLAN Notices",
  volume =       "32",
  number =       "5",
  pages =        "97--108",
  month =        may,
  year =         "1997",
  coden =        "SINODQ",
  ISBN =         "0-89791-907-6",
  ISSN =         "0362-1340",
  bibdate =      "Thu May 13 12:37:28 MDT 1999",
  url =          "http://www.acm.org:80/pubs/citations/proceedings/pldi/258915/p97-clinger/",
  acknowledgement = ack-nhfb,
  annote =       "Published as part of the Proceedings of PLDI'97.",
  keywords =     "design; languages; measurement; performance; theory;
                 verification",
  subject =      "{\bf D.4.2} Software, OPERATING SYSTEMS, Storage
                 Management, Allocation/deallocation strategies. {\bf
                 F.1.2} Theory of Computation, COMPUTATION BY ABSTRACT
                 DEVICES, Modes of Computation, Probabilistic
                 computation.",
}
